@article
{L2PChess,
	author = 	"Thrun, Sebastian",
	title =			"Learning to {P}lay the {G}ame of {C}hess",
	journal = 	"{MIT P}ress",
	year = 		"1995"
	}
	
@misc
{ABriefHistoryOfGameAI,
		author = "Kurenkov, Andrey",		
		title = "A {B}rief {H}istory of {G}ame {AI}",
		url = "http://www.andreykurenkov.com/writing/a-brief-history-of-game-ai/"
}

@article
{ArtificialNeuralNetwork,
	author = "Wang, Sun-Chong",
	title = "Artificial {N}eural {N}etwork",
	journal = "{I}nterdisciplinary {C}omputing in {J}ava {P}rogramming. {T}he {S}pringer {I}nternational {S}eries in {E}ngineering and {C}omputer {S}cience, vol 743",
	year = "2003"
}

@book
{NeuralNetworksAndDeepLearning,
	author = "Nielsen, Michael A",
	title = "Neural {N}etworks and {D}eep {L}earning",
	chapter = "1",
	year = "2015",
	publisher = "Determination {P}ress"
	
}


@book
{IntroductionToEvolutionaryComputing,
	author = "Eiben, A.E.  and Smith, J.E.",
	title = "Introduction to {E}volutionary {C}omputing",
	year = "2015",
	publisher = "Springer {B}erlin {H}eidelberg"
}

@article
{NEAT,
	author = "Stanley, Kenneth O. and Miikkulainen, Risto", 
	title = "Evolving {N}eural {N}etworks through {A}ugmenting {T}opologies",
	journal = "Evolutionary {C}omputation",
	year = "2002"
}

@book
{NeuralNetworksAComprehensiveFoundation,
	author = "Haykin, Simon",
	title = "Neural {N}etworks - {A C}omprehensive {F}oundation",
	year = "1999",
	publisher = "Prentice {H}all"
}

@misc
{MarIO,
	author = "SethBling",
	title = "Mar{I/O}",
	url = "https://www.youtube.com/watch?v=qv6UVOQ0F44",
	note = "Source code: https://pastebin.com/ZZmSNaHX",
	year = "2015"
	
}

@article
{EfficientEvolutionOfNeuralNetworkTopologies,
	author = "Stanley, Kenneth O. and Miikkulainen, Risto",
	title = "Efficient {E}volution of {N}eural {N}etwork {T}opologies",
	journal = "Proceedings of the {G}enetic and {E}volutionary {C}omputation {C}onference",
	year = "2002"
}


@article
{EvolvingARovingEyeForGo,
	author = "Stanley, Kenneth O. and Miikkulainen, Risto",
	title = "Evolving a {R}oving {E}ye for {G}o",
	journal = "Proceedings of the {G}enetic and {E}volutionary {C}omputation {C}onference",
	year = "2004"
}


@misc 
{TuringTest,
	author = "Hodges, Andrew",
	title = "The {A}lan {T}uring {I}nternet {S}crapbook",
	url = "http://www.turing.org.uk/scrapbook/test.html"
}


@article
{MSPacMan,
	author = "Lucas, Simon M.",
	title = "Evolving a {N}eural {N}etwork {L}ocation {E}valuator to {P}lay {M}s. {P}ac-{M}an",
	journal = "Proceedings of the 2005 {IEEE S}ymposium on {C}omputational {I}ntelligence and {G}ames",
	year = "2005"
}

@article
{13,
	author = "Granter, Scott R. and Beck, Andrew H. and Papke Jr, David J.",
	title = "Alpha{G}o, {D}eep {L}earning, and the {F}uture of the {H}uman {M}icroscopist",
	journal = Archives of {P}athology {\&} {L}aboratory {M}edicine",
	volume =       "141",
	number =       "5",
	pages =        "619--621",
	year = "2017"
}

@article
{14,
	author = "Campbell, Murray and Hoane, Joseph A. and Hsu, Feng-hsiung",
	title = "Deep {B}lue",
	journal = "Artificial {I}ntelligence",
	volume = "134",
	pages = "57--83",
	year = "2002"
}

@misc 
{15,
	author = "IBM",
	title = "Deep {B}lue",
	url = "www-03.ibm.com/ibm/history/ibm100/us/en/icons/deepblue/"
}

@misc 
{16,
	author = "IBM",
	title = "Deep {B}lue - {F}requently {A}sked {Q}uestions",
	url = "https://www.research.ibm.com/deepblue/meet/html/d.3.3a.html "
}

@misc
{17,
	author = "Google",
	title = "TensorFlow",
	url = "https://www.tensorflow.org"
}


@article
{18,
	author = "Abadim, Mart{\'i}n and Agarwal, Ashish and Barham, Paul and Brevdo, Eugene and Chen, Zhifeng and Citro, Craig and Corrado, Greg S. and Davis, Andy and Dean, Jeffrey and Devin, Matthieu and Ghemawat, Sanjay and Goodfellow, Ian and Harp, Andrew and Irving, Geoffrey and Isard, Michael and Jia, Yangqing and Jozefowicz, Rafal and Kaiser, Lukasz and Judlur, Manjunath and Levenberg, Josh and Mane, Dan and Monga, Rajat and Moore, Sherry and Murray, Derek and Olah, Chris and Schuster, Mike and Shlens, Jonathon and Steiner, Benoit and Sutskever, Ilya and Talwar, Kunal and Tucker, Paul and Vanhoucke, Vincent and Vasudevan, Vijay and Vi{\'e}gas, Fernanda and Vinyals, Oriol and Warden, Pete and Wattenberg, Martin and Wicke, Martin and Yu, Yuan and Zheng, Xiaoqiang",
	title = "Tensor{F}low:
	{L}arge-{S}cale {M}achine {L}earning on {H}eterogeneous {D}istributed {S}ystems",
	year = "2015"
}

@article
{19,
	author = "Abadi, Mart{\'i}n  and Barham, Paul and Chen, Jianmin and Chen, Zhifeng and Davis, Andy and Dean, Jeffrey and Devlin, Matthieu and Ghemawat, Sanjay and Irving, Geoffrey and Isard, Michael and Kudlur, Manjunath and Levenberg, Josh and Monga, Rajat and Moore, Sherry and Murray, Derek G. and Steiner, Benoit and Tucker, Paul and Vasudevan, Vijay and Warden, Pete and Wicke, Martin and Yu, Yuan and Zheng, Xiaoqiang and Brain, Google",
	title = "Tensor{F}low: {A} {S}ystem for {L}arge-{S}cale
	{M}achine {L}earning",
	journal = "{P}roceedings of the 12th {USENIX S}ymposium on {O}perating {S}ystems {D}esign and {I}mplementation ({OSDI} â€™16)",
	year = "2016"
}

@misc
{20,
	author = "Fuhriman, David",
	title = "How {M}any {P}ossible {M}ove {C}ombinations are there in {C}hess",
	url = "http://www.bernmedical.com/blog/how-many-possible-move-combinations-are-there-in-chess"
}

@misc
{21,
	author = "Smith, Mat",
	title = "Japan's {L}atest {H}umanoid {R}obot {M}akes its {O}wn {M}oves",
	url = "https://www.engadget.com/2016/07/30/japan-humanoid-alter-robot/"
}

@misc
{22,
	author = "Orf, Darren",
	title = "This {R}obot {T}hat {R}uns {E}ntirely off a {N}eural {N}etwork is {C}reepy as {H}ell",
	url = "https://gizmodo.com/this-robot-that-runs-entirely-off-a-neural-network-is-c-1784649778"
}

@misc
{23,
	author = "RoboCup",
	title = "Robo{C}up",
	url = "http://www.robocup.org/objective"
}

@article
{24,
	author = "Kaufmann, Ulrich and Mayer, Gerd and Kraetzschmar, Gerhard and Palm, G{\"u}nther",
	title = "Visual {R}obot {D}etection in {R}obo{C}up using {N}eural {N}etworks",
	journal = "Robo{C}up 2004: {R}obot {S}occer {W}orld {C}up {VIII}", 
	year = "2004"
}

@article
{25,
	author = "Kitano, Hiroaki and Asada, Minoru and Kuniyoshi, Yasuo and Noda, Itsuki and Osawa, Eiichi and Matsubara, Hitoshi ",
	title = "Robo{C}up - {A C}hallenge {P}roblem for {AI}",
	journal = "{AI M}agazine",
	volume = "18", 
	number = "1",
}

@misc
{26,
	author = "Tomek{\ }S",
	title = "Evolution of {N}eural {N}etworks {U}sing {G}enetic {A}lgorithm for a 3{D} {C}ar made in {U}nity",
	url = "https://www.youtube.com/watch?v=8V2sX9BhAW8",
	year = "2017"
}

@misc
{27,
	author = "Nelson, Nick",
	title = "Mario {K}art 64 with {N}eural {E}volution of {A}ugmenting {T}opologies ({NEAT})",
	url = "https://www.youtube.com/watch?v=tmltm0ZHkHw",
	year = "2016",
	note = "Source code: https://pastebin.com/YSkN210q"
}

@misc
{28,
	author = "Sentdex",
	title = "Python {P}lays: {G}rand {T}heft {A}uto {V}",
	url = "https://www.youtube.com/playlist?list=PLQVvvaa0QuDeETZEOy4VdocT7TOjfSA8a",
	note =  "Source code: https://github.com/sentdex/pygta5",
	year = "2017"
}

@article
{29,
	author = "Lai, Matthew",
	title = "Giraffe: {U}sing {D}eep {R}einforcement {L}earning to {P}lay {C}hess",
	year = "2015"
}

@misc
{30,
	author = "RoboCup",
	title = "RoboCup {O}verview",
	url = "https://www.youtube.com/watch?v=Cnh43cCsDKU{\&}list=PLEfaZULTePbqFvCLBWnOvFAgkHTWbWC{\&}index=2",
	year = "2017"
}